@inproceedings{Kim:2010,
 author = {Kim, Changkyu and Chhugani, Jatin and Satish, Nadathur and Sedlar, Eric and Nguyen, Anthony D. and Kaldewey, Tim and Lee, Victor W. and Brandt, Scott A. and Dubey, Pradeep},
 title = {FAST: fast architecture sensitive tree search on modern CPUs and GPUs},
 booktitle = {Proceedings of the 2010 international conference on Management of data},
 series = {SIGMOD '10},
 year = 2010,
 isbn = {978-1-4503-0032-2},
 location = {Indianapolis, Indiana, USA},
 pages = {339--350},
 numpages = 12,
 url = {http://doi.acm.org/10.1145/1807167.1807206},
 doi = {http://doi.acm.org/10.1145/1807167.1807206},
 acmid = 1807206,
 publisher = {ACM},
 address = {New York, NY, USA},
 keywords = {compression, cpu, data-level parallelism, gpu, thread-level parallelism, tree search},
} 


@inproceedings{Brodal:2002,
 author = {Brodal, Gerth St{\o}lting and Fagerberg, Rolf and Jacob, Riko},
 title = {Cache oblivious search trees via binary trees of small height},
 booktitle = {Proceedings of the thirteenth annual ACM-SIAM symposium on Discrete algorithms},
 series = {SODA '02},
 year = 2002,
 isbn = {0-89871-513-X},
 location = {San Francisco, California},
 pages = {39--48},
 numpages = 10,
 url = {http://portal.acm.org/citation.cfm?id=545381.545386},
 acmid = 545386,
 publisher = {Society for Industrial and Applied Mathematics},
 address = {Philadelphia, PA, USA},
} 


@article{Matsuzaki:2006:2,
 author = {Matsuzaki, Kiminori and Hu, Zhenjiang and Takeichi, Masato},
 title = {Parallel skeletons for manipulating general trees},
 journal = {Parallel Comput.},
 volume = 32,
 issue = 7,
 month = {September},
 year = 2006,
 issn = {0167-8191},
 pages = {590--603},
 numpages = 14,
 url = {http://portal.acm.org/citation.cfm?id=1228523.1228534},
 doi = {10.1016/j.parco.2006.06.002},
 acmid = 1228534,
 publisher = {Elsevier Science Publishers B. V.},
 address = {Amsterdam, The Netherlands, The Netherlands},
 keywords = {constructive algorithmics, rose trees, skeletal parallelism, tree skeletons},
} 


@inproceedings{Matsuzaki:2006,
 author = {Matsuzaki, Kiminori and Hu, Zhenjiang and Takeichi, Masato},
 title = {Towards automatic parallelization of tree reductions in dynamic programming},
 booktitle = {Proceedings of the eighteenth annual ACM symposium on Parallelism in algorithms and architectures},
 series = {SPAA '06},
 year = 2006,
 isbn = {1-59593-452-9},
 location = {Cambridge, Massachusetts, USA},
 pages = {39--48},
 numpages = 10,
 url = {http://doi.acm.org/10.1145/1148109.1148116},
 doi = {http://doi.acm.org/10.1145/1148109.1148116},
 acmid = 1148116,
 publisher = {ACM},
 address = {New York, NY, USA},
 keywords = {code generator, commutative semiring, dynamic programming, parallel programming, parallel tree contraction, tree},
} 


@inproceedings{Nuzman:2006,
 author = {Nuzman, Dorit and Rosen, Ira and Zaks, Ayal},
 title = {Auto-vectorization of interleaved data for SIMD},
 booktitle = {Proceedings of the 2006 ACM SIGPLAN conference on Programming language design and implementation},
 series = {PLDI '06},
 year = 2006,
 isbn = {1-59593-320-4},
 location = {Ottawa, Ontario, Canada},
 pages = {132--143},
 numpages = 12,
 url = {http://doi.acm.org/10.1145/1133981.1133997},
 doi = {http://doi.acm.org/10.1145/1133981.1133997},
 acmid = 1133997,
 publisher = {ACM},
 address = {New York, NY, USA},
 keywords = {SIMD, Viterbi, data reuse, subword parallelism, vectorization},
} 


@inproceedings{Frigo:1999,
 author = {Frigo, Matteo and Leiserson, Charles E. and Prokop, Harald and Ramachandran, Sridhar},
 title = {Cache-Oblivious Algorithms},
 booktitle = {Proceedings of the 40th Annual Symposium on Foundations of Computer Science},
 series = {FOCS '99},
 year = 1999,
 isbn = {0-7695-0409-4},
 pages = {285--},
 url = {http://portal.acm.org/citation.cfm?id=795665.796479},
 acmid = 796479,
 publisher = {IEEE Computer Society},
 address = {Washington, DC, USA},
} 


@article{Chilimbi:1999,
 author = {Chilimbi, Trishul M. and Hill, Mark D. and Larus, James R.},
 title = {Cache-conscious structure layout},
 journal = {SIGPLAN Not.},
 volume = 34,
 issue = 5,
 month = {May},
 year = 1999,
 issn = {0362-1340},
 pages = {1--12},
 numpages = 12,
 url = {http://doi.acm.org/10.1145/301631.301633},
 doi = {http://doi.acm.org/10.1145/301631.301633},
 acmid = 301633,
 publisher = {ACM},
 address = {New York, NY, USA},
 keywords = {cache-conscious allocation, cache-conscious data placement, cache-conscious reorganization, clustering, coloring},
} 


@ARTICLE{bowman:reasoning,
	AUTHOR = "Mic Bowman and Saumya K. Debray and Larry L. Peterson",
	TITLE = "Reasoning About Naming Systems",
	JOURNAL = "ACM Trans. Program. Lang. Syst.",
	VOLUME = {15},
	NUMBER = {5},
	PAGES = {795-825},
	MONTH = "November",
	YEAR = {1993}	}

@ARTICLE{braams:babel,
	AUTHOR = "Johannes Braams",
	TITLE = "Babel, a Multilingual Style-Option System for Use with LaTeX's Standard Document Styles",
	JOURNAL = {TUGboat},
	VOLUME = {12},
	NUMBER = {2},
	PAGES = {291-301},
	MONTH = "June",
	YEAR = {1991}	}

@INPROCEEDINGS{clark:pct,
	AUTHOR = "Malcolm Clark",
	TITLE = "Post Congress Tristesse",
	BOOKTITLE = "TeX90 Conference Proceedings",
	PAGES = "84-89",
	ORGANIZATION = "TeX Users Group",
	MONTH = "March", 
	YEAR = {1991}	}

@ARTICLE{herlihy:methodology,
	AUTHOR = "Maurice Herlihy",
	TITLE = "A Methodology for Implementing Highly Concurrent
	Data Objects",
	JOURNAL = {ACM Trans. Program. Lang. Syst.},
	VOLUME = {15},
	NUMBER = {5},
	PAGES = {745-770},
	MONTH = "November",
	YEAR = {1993}	}

@BOOK{Lamport:LaTeX,
	AUTHOR = "Leslie Lamport",
	TITLE = "LaTeX User's Guide and Document Reference Manual",
	PUBLISHER = "Addison-Wesley Publishing Company",
	ADDRESS = "Reading, Massachusetts",
	YEAR = "1986"	}

@BOOK{salas:calculus,
	AUTHOR = "S.L. Salas and Einar Hille",
	TITLE = "Calculus: One and Several Variable",
	PUBLISHER = "John Wiley and Sons",
	ADDRESS = "New York",
	YEAR = "1978"	}




@article{Barnes:1990,
 author = {Barnes, Joshua E.},
 title = {A modified tree code: don't laugh; it runs},
 journal = {J. Comput. Phys.},
 volume = {87},
 issue = {1},
 month = {March},
 year = {1990},
 issn = {0021-9991},
 pages = {161--170},
 numpages = {10},
 url = {http://portal.acm.org/citation.cfm?id=78582.78604},
 doi = {10.1016/0021-9991(90)90232-P},
 acmid = {78604},
 publisher = {Academic Press Professional, Inc.},
 address = {San Diego, CA, USA},
}


@inproceedings{cray-scan,
	author = "Siddhartha Chatterjee and Guy~E. Blelloch and Marco Zagha",
	title = "Scan Primitives for Vector Computers",
	booktitle = "Proceedings Supercomputing~'90",
	pages = "666--675",
	month = nov,
	year = 1990 }
	
@inproceedings{Meyerovich:2010,
 author = {Meyerovich, Leo A. and Bod\'{\i}k, Rastislav},
 title = {Fast and parallel webpage layout},
 booktitle = {Proceedings of the 19th international conference on World wide web},
 series = {WWW '10},
 year = {2010},
 isbn = {978-1-60558-799-8},
 location = {Raleigh, North Carolina, USA},
 pages = {711--720},
 numpages = {10},
 url = {http://doi.acm.org/10.1145/1772690.1772763},
 doi = {http://doi.acm.org/10.1145/1772690.1772763},
 acmid = {1772763},
 publisher = {ACM},
 address = {New York, NY, USA},
 keywords = {attribute grammar, box model, css, font, html, layout, mobile, multicore, selector},
} 

@inproceedings{Zhang:2010,
 author = {Zhang, Kaimin and Wang, Lu and Pan, Aimin and Zhu, Bin Benjamin},
 title = {Smart caching for web browsers},
 booktitle = {Proceedings of the 19th international conference on World wide web},
 series = {WWW '10},
 year = {2010},
 isbn = {978-1-60558-799-8},
 location = {Raleigh, North Carolina, USA},
 pages = {491--500},
 numpages = {10},
 url = {http://doi.acm.org/10.1145/1772690.1772741},
 doi = {http://doi.acm.org/10.1145/1772690.1772741},
 acmid = {1772741},
 publisher = {ACM},
 address = {New York, NY, USA},
 keywords = {browser, caching, cascade style sheet, css, javascript, web},
} 

@inproceedings{Reps:scangrammar,
 author = {Reps, Thomas},
 title = {Scan grammars: parallel attribute evaluation via data-parallelism},
 booktitle = {Proceedings of the fifth annual ACM symposium on Parallel algorithms and architectures},
 series = {SPAA '93},
 year = {1993},
 isbn = {0-89791-599-2},
 location = {Velen, Germany},
 pages = {367--376},
 numpages = {10},
 url = {http://doi.acm.org/10.1145/165231.166114},
 doi = {http://doi.acm.org/10.1145/165231.166114},
 acmid = {166114},
 publisher = {ACM},
 address = {New York, NY, USA},
} 

@article{nesl,
        author = "Guy~E. Blelloch and Siddhartha Chatterjee and 
		Jonathan~C. Hardwick and Jay Sipelstein and Marco Zagha",
        title = "Implementation of a Portable Nested Data-Parallel Language",
       	journal = "Journal of Parallel and Distributed Computing",
	volume = 21,
	number = 1,
        pages = "4--14",
	month = apr,
	year = 1994}

@inproceedings{treeflattening,
  author    = {Gabriele Keller and
               Manuel M. T. Chakravarty},
  title     = {Flattening Trees},
  booktitle = {Euro-Par},
  year      = {1998},
  pages     = {709-719},
  ee        = {http://link.springer.de/link/service/series/0558/bibs/1470/14700709.htm},
  bibsource = {DBLP, http://dblp.uni-trier.de}
}

@inproceedings{dph,
 author = {Peyton Jones, Simon},
 title = {Harnessing the Multicores: Nested Data Parallelism in Haskell},
 booktitle = {Proceedings of the 6th Asian Symposium on Programming Languages and Systems},
 series = {APLAS '08},
 year = {2008},
 isbn = {978-3-540-89329-5},
 location = {Bangalore, India},
 pages = {138--138},
 numpages = {1},
 url = {http://dx.doi.org/10.1007/978-3-540-89330-1_10},
 doi = {http://dx.doi.org/10.1007/978-3-540-89330-1_10},
 acmid = {1485356},
 publisher = {Springer-Verlag},
 address = {Berlin, Heidelberg},
}

@inproceedings{Gal:2009:TJT,
 author = {Gal, Andreas and Eich, Brendan and Shaver, Mike and Anderson, David and Mandelin, David and Haghighat, Mohammad R. and Kaplan, Blake and Hoare, Graydon and Zbarsky, Boris and Orendorff, Jason and Ruderman, Jesse and Smith, Edwin W. and Reitmaier, Rick and Bebenita, Michael and Chang, Mason and Franz, Michael},
 title = {Trace-based just-in-time type specialization for dynamic languages},
 booktitle = {Proceedings of the 2009 ACM SIGPLAN conference on Programming language design and implementation},
 series = {PLDI '09},
 year = {2009},
 isbn = {978-1-60558-392-1},
 location = {Dublin, Ireland},
 pages = {465--478},
 numpages = {14},
 url = {http://doi.acm.org/10.1145/1542476.1542528},
 doi = {http://doi.acm.org/10.1145/1542476.1542528},
 acmid = {1542528},
 publisher = {ACM},
 address = {New York, NY, USA},
 keywords = {dynamically typed languages, trace-based compilation},
} 


@INPROCEEDINGS{frtime:2006,
    author = {Gregory H. Cooper and Shriram Krishnamurthi},
    title = {Embedding dynamic dataflow in a call-by-value language},
    booktitle = {In European Symposium on Programming},
    year = {2006},
    pages = {294--308}
}
@inproceedings{Acar:2010:TDT,
 author = {Acar, Umut A. and Blelloch, Guy and Ley-Wild, Ruy and Tangwongsan, Kanat and Turkoglu, Duru},
 title = {Traceable data types for self-adjusting computation},
 booktitle = {Proceedings of the 2010 ACM SIGPLAN conference on Programming language design and implementation},
 series = {PLDI '10},
 year = {2010},
 isbn = {978-1-4503-0019-3},
 location = {Toronto, Ontario, Canada},
 pages = {483--496},
 numpages = {14},
 url = {http://doi.acm.org/10.1145/1806596.1806650},
 doi = {http://doi.acm.org/10.1145/1806596.1806650},
 acmid = {1806650},
 publisher = {ACM},
 address = {New York, NY, USA},
 keywords = {self-adjusting computation, traceable data types},
} 

@inproceedings{arrb,
  author = {Chris J. Newburn and Byoungro So and Zhenying Liu and Michael D. McCool and Anwar M. Ghuloum and Stefanus Du Toit and Zhi-Gang Wang and Zhaohui Du and Yongjian Chen and Gansha Wu and Peng Guo and Zhanglin Liu and Dan Zhang},
  booktitle = {CGO},
  crossref = {conf/cgo/2011},
  interhash = {6905e43d7b1592ec5ae0300bcc555fd6},
  intrahash = {bd8fc2e8199e0c71d983f2106a128868},
  pages = {224-235},
  publisher = {IEEE},
  title = {Intel's Array Building Blocks: A retargetable, dynamic compiler and embedded language.},
  url = {http://dblp.uni-trier.de/db/conf/cgo/cgo2011.html#NewburnSLMGTWDCWGLZ11},
  year = 2011,
  timestamp = {2011-05-23T00:00:00.000+0200},
  keywords = {dblp},
  ee = {http://dx.doi.org/10.1109/CGO.2011.5764690},
  added-at = {2011-05-23T00:00:00.000+0200},
  biburl = {http://www.bibsonomy.org/bibtex/2bd8fc2e8199e0c71d983f2106a128868/dblp}
}

@article{Zhang:2011:OED,
 author = {Zhang, Eddy Z. and Jiang, Yunlian and Guo, Ziyu and Tian, Kai and Shen, Xipeng},
 title = {On-the-fly elimination of dynamic irregularities for GPU computing},
 journal = {SIGPLAN Not.},
 issue_date = {March 2011},
 volume = {46},
 issue = {3},
 month = {March},
 year = {2011},
 issn = {0362-1340},
 pages = {369--380},
 numpages = {12},
 url = {http://doi.acm.org/10.1145/1961296.1950408},
 doi = {http://doi.acm.org/10.1145/1961296.1950408},
 acmid = {1950408},
 publisher = {ACM},
 address = {New York, NY, USA},
 keywords = {cpu-gpu pipelining, data transformation, gpgpu, memory coalescing, thread data remapping, thread divergence},
} 


@article{simt,
 author = {Lindholm, Erik and Nickolls, John and Oberman, Stuart and Montrym, John},
 title = {NVIDIA Tesla: A Unified Graphics and Computing Architecture},
 journal = {IEEE Micro},
 volume = {28},
 issue = {2},
 month = {March},
 year = {2008},
 issn = {0272-1732},
 pages = {39--55},
 numpages = {17},
 url = {http://portal.acm.org/citation.cfm?id=1373105.1373197},
 doi = {10.1109/MM.2008.31},
 acmid = {1373197},
 publisher = {IEEE Computer Society Press},
 address = {Los Alamitos, CA, USA},
 keywords = {Hot Chips 19, GPU, parallel processor, SIMT, SIMD, unified graphics and parallel computing architecture, graphics processing unit, cooperative thread array, Tesla},
} 


@inproceedings{c3,
 author = {Lerner, Benjamin S. and Burg, Brian and Venter, Herman and Schulte, Wolfram},
 title = {C3: an experimental, extensible, reconfigurable platform for HTML-based applications},
 booktitle = {Proceedings of the 2nd USENIX conference on Web application development},
 series = {WebApps'11},
 year = {2011},
 location = {Portland, OR},
 pages = {6--6},
 numpages = {1},
 url = {http://portal.acm.org/citation.cfm?id=2002168.2002174},
 acmid = {2002174},
 publisher = {USENIX Association},
 address = {Berkeley, CA, USA},
} 
@techreport{Asanovic:EECS-2006-183,
    Author = {Asanovic, Krste and Bodik, Ras and Catanzaro, Bryan Christopher and Gebis, Joseph James and Husbands, Parry and Keutzer, Kurt and Patterson, David A. and Plishker, William Lester and Shalf, John and Williams, Samuel Webb and Yelick, Katherine A.},
    Title = {The Landscape of Parallel Computing Research: A View from Berkeley},
    Institution = {EECS Department, University of California, Berkeley},
    Year = {2006},
    Month = {Dec},
    URL = {http://www.eecs.berkeley.edu/Pubs/TechRpts/2006/EECS-2006-183.html},
    Number = {UCB/EECS-2006-183},
    Abstract = {The recent switch to parallel microprocessors is a milestone in the history of computing. Industry has laid out a roadmap for multicore designs that preserves the programming paradigm of the past via binary compatibility and cache coherence. Conventional wisdom is now to double the number of cores on a chip with each silicon generation.}


@inproceedings{Smith:2000:VIS:339647.339693,
 author = {Smith, J. E. and Faanes, Greg and Sugumar, Rabin},
 title = {Vector instruction set support for conditional operations},
 booktitle = {Proceedings of the 27th annual international symposium on Computer architecture},
 series = {ISCA '00},
 year = {2000},
 isbn = {1-58113-232-8},
 location = {Vancouver, British Columbia, Canada},
 pages = {260--269},
 numpages = {10},
 url = {http://doi.acm.org/10.1145/339647.339693},
 doi = {http://doi.acm.org/10.1145/339647.339693},
 acmid = {339693},
 publisher = {ACM},
 address = {New York, NY, USA},
} 
