%%
%% WinShell 3.3.1.5
%% http://www.winshell.org/
%%

% Strings


% Preamble


% BibTeX Entries
@article{Kastens,
 author               = {Uwe Kastens},
 journal              = {Acta Inf.},
 pages                = {229-256},
 title                = {Ordered Attributed Grammars},
 volume               = {13},
 year                 = {1980},
 }
